@inbook{Shapley+1953+307+318,
    url = {https://doi.org/10.1515/9781400881970-018},
    title = {17. A Value for n-Person Games},
    booktitle = {Contributions to the Theory of Games (AM-28), Volume II},
    author = {L. S. Shapley},
    editor = {Harold William Kuhn and Albert William Tucker},
    publisher = {Princeton University Press},
    address = {Princeton},
    pages = {307--318},
    doi = {doi:10.1515/9781400881970-018},
    isbn = {9781400881970},
    year = {1953},
    lastchecked = {2023-08-08}
}

@book{Molnar_2022, 
  place={Munich, Germany}, 
  title={Interpretable machine learning: A guide for making Black Box models explainable}, 
  publisher={Chistoph Molnar c/o Mucbook Clubhouse, Heidi Seibold}, 
  author={Christoph Molnar}, 
  edition={2},
  isbn={9798411463330},
  year={2022}
}

@book{Molnar_2023, 
  place={Munich, Germany}, 
  title={Interpreting machine learning models with SAP A guide with python examples and theory on Shapley Values}, 
  publisher={Chistoph Molnar c/o MUCBOOK}, 
  author={Christoph Molnar},
  edition={1},
  isbn={9798857734445},
  year={2023}
} 

@inproceedings{ijcai2022p778,
  title     = {The Shapley Value in Machine Learning},
  author    = {Rozemberczki, Benedek and Watson, Lauren and Bayer, Péter and Yang, Hao-Tsung and Kiss, Olivér and Nilsson, Sebastian and Sarkar, Rik},
  booktitle = {Proceedings of the Thirty-First International Joint Conference on
               Artificial Intelligence, {IJCAI-22}},
  publisher = {International Joint Conferences on Artificial Intelligence Organization},
  editor    = {Lud De Raedt},
  pages     = {5572--5579},
  year      = {2022},
  month     = {7},
  note      = {Survey Track},
  doi       = {10.24963/ijcai.2022/778},
  url       = {https://doi.org/10.24963/ijcai.2022/778},
}

@inproceedings{Algaba2019HandbookOT,
  title={Handbook of the Shapley Value},
  author={Encarnaci{\'o}n Algaba and Vito Fragnelli and Joaqu{\'i}n S{\'a}nchez-Soriano},
  year={2019},
  url={https://api.semanticscholar.org/CorpusID:213768429}
}

@inproceedings{NIPS2017_8a20a862,
 author = {Lundberg, Scott M and Lee, Su-In},
 booktitle = {Advances in Neural Information Processing Systems},
 editor = {I. Guyon and U. Von Luxburg and S. Bengio and H. Wallach and R. Fergus and S. Vishwanathan and R. Garnett},
 pages = {},
 publisher = {Curran Associates, Inc.},
 title = {A Unified Approach to Interpreting Model Predictions},
 url = {https://proceedings.neurips.cc/paper_files/paper/2017/file/8a20a8621978632d76c43dfd28b67767-Paper.pdf},
 volume = {30},
 year = {2017}
}

@misc{Rodríguez‑Pérez_Bajorath_2020, 
  title={Interpretation of machine learning models using Shapley Values: Application to compound potency and multi-target activity predictions - journal of computer-aided molecular design}, 
  url={https://link.springer.com/article/10.1007/s10822-020-00314-0}, 
  journal={SpringerLink}, 
  publisher={Springer International Publishing}, 
  author={Rodríguez‑Pérez, Raquel and Bajorath, Jürgen}, 
  year={2020}, 
  month={May}
} 

@ARTICLE{9565902,
  author={Fryer, Daniel and Strümke, Inga and Nguyen, Hien},
  journal={IEEE Access}, 
  title={Shapley Values for Feature Selection: The Good, the Bad, and the Axioms}, 
  year={2021},
  volume={9},
  number={},
  pages={144352-144360},
  doi={10.1109/ACCESS.2021.3119110}}